@misc{deliberation,
  author = {Wikipédia},
  title = {Délibération},
  year = {2023},
  note = {La dernière modification de cette page a été faite le 2 juin 2023 à 23:41},
  url = {https://fr.wikipedia.org/wiki/Délibération}
}

@misc{logiciel_systeme,
  author = {Wikipédia},
  title = {Logiciel système},
  year = {2022},
  note = {La dernière modification de cette page a été faite le 22 novembre 2022 à 12:51},
  url = {https://fr.wikipedia.org/wiki/Logiciel_système}
}
@misc{application,
  author = {Wikipédia},
  title = {Application (informatique)},
  year = {2023},
  note = {La dernière modification de cette page a été faite le 8 janvier 2023 à 19:58},
  url = {https://fr.wikipedia.org/wiki/Application_(informatique)}
}

@misc{logiciel,
  author = {Wikipédia},
  title = {Logiciel},
  year = {2023},
  note = {La dernière modification de cette page a été faite le 15 janvier 2023 à 21:19},
  url = {https://fr.wikipedia.org/wiki/Logiciel}
}